<?xml version="1.0" encoding="UTF-8"?><collection><record><leader>06691ntm a2200673 a 4500</leader><controlfield tag="001">006819007</controlfield><controlfield tag="003">MiAaHDL</controlfield><controlfield tag="005">20190719000000.0</controlfield><controlfield tag="006">m        d        </controlfield><controlfield tag="007">cr bn ---auaua</controlfield><controlfield tag="008">090616s1937    ua            00| ||ara d</controlfield><datafield tag="035" ind1=" " ind2=" "><subfield code="a">(MiU)006819007</subfield></datafield><datafield tag="035" ind1=" " ind2=" "><subfield code="a">sdr-miu006819007</subfield></datafield><datafield tag="040" ind1=" " ind2=" "><subfield code="a">MiU</subfield><subfield code="c">MiU</subfield><subfield code="e">amremm</subfield></datafield><datafield tag="043" ind1=" " ind2=" "><subfield code="a">n-us-mi</subfield></datafield><datafield tag="100" ind1="1" ind2=" "><subfield code="6">880-01</subfield><subfield code="a">Ṣadr al-Dīn Shīrāzī, Muḥammad ibn Ibrāhīm,</subfield><subfield code="d">-1641.</subfield></datafield><datafield tag="245" ind1="1" ind2="0"><subfield code="6">880-03</subfield><subfield code="a">[Risālat al-Mashāʻir maʻa al-ʻArshīyah,</subfield><subfield code="f">1356, i.e. 1937].</subfield></datafield><datafield tag="246" ind1="3" ind2="8"><subfield code="a">رسالة المشاعر</subfield></datafield><datafield tag="246" ind1="3" ind2=" "><subfield code="6">880-04</subfield><subfield code="i">Title of second work from opening on p.49:</subfield><subfield code="a">هذه هي الرسالة الموسومة بالعرشية</subfield></datafield><datafield tag="246" ind1="3" ind2=" "><subfield code="a">مشاعر</subfield></datafield><datafield tag="260" ind1=" " ind2=" "><subfield code="a">[Egypt?,</subfield><subfield code="c">1937].</subfield></datafield><datafield tag="300" ind1=" " ind2=" "><subfield code="a">50 leaves :</subfield><subfield code="b">paper ;</subfield><subfield code="c">310 x 210 (250-255 x 134) mm. bound to 322 x 217 mm.</subfield></datafield><datafield tag="500" ind1=" " ind2=" "><subfield code="a">Shelfmark: Ann Arbor, University of Michigan, Special Collections Library, Isl. Ms. 907</subfield></datafield><datafield tag="500" ind1=" " ind2=" "><subfield code="a">Origin: As appears in colophon on p.49, transcription of opening work completed 1 Rabīʻ II 1356 corresponding to 10 June 1937.</subfield></datafield><datafield tag="500" ind1=" " ind2=" "><subfield code="a">Accompanying materials: " a. Slip of paper: 7946 b. Slip of paper: 14365" - from handlist prepared by R. Dougherty, 1993.</subfield></datafield><datafield tag="500" ind1=" " ind2=" "><subfield code="a">Former shelfmark: Mich. Isl. Ms. temp. no. 56</subfield></datafield><datafield tag="500" ind1=" " ind2=" "><subfield code="a">Binding: Boards covered in dark green cloth with dark green leather over spine (quarter binding) ; Western style binding ; pastedowns and flyleaves in wove paper printed with a floral vegetal pattern in green ; spine gold-stamped with title, author and owner, as well as decorative accents over raised bands "رسالة المشاعر | الشيرازي | J.H.D." ; sewing difficult to examine but appears to be over cords, in white thread, five stations ; stuck-on endbands ; overall in fairly good condition.</subfield></datafield><datafield tag="500" ind1=" " ind2=" "><subfield code="a">Support: Lined / ruled wove paper.</subfield></datafield><datafield tag="500" ind1=" " ind2=" "><subfield code="a">Script: Ruqʻah ; quick, modern hand, in a medium line ; serifless and freely ligatured with mainly closed counters, slight effect of inclination to the right and of words descending to baseline (occasionally more exaggerated), pointing somewhat careless and in strokes rather than distinct dots.</subfield></datafield><datafield tag="500" ind1=" " ind2=" "><subfield code="a">Layout: Written in 26 lines per page.</subfield></datafield><datafield tag="500" ind1=" " ind2=" "><subfield code="a">Collation: i, 12 II(48), I (50), i [?] ; pagination in pencil, Western numerals, supplied during digitization.</subfield></datafield><datafield tag="500" ind1=" " ind2=" "><subfield code="a">Colophon: "Scribal," reads "تم بعون الملك الودود الذي هو مفيض الخير والوجود في يوم الخميس غرة ربيع الثاني ١٣٥٦ ١٠ من يونيو ١٩٣٧"</subfield></datafield><datafield tag="500" ind1=" " ind2=" "><subfield code="a">Explicit: [Risālat al-Mashāʻir] "ثم النبات من صفوها ثم الحيوان ثم الانسان فاذا استكمل بالعلم والعمل والكمال بلغ درجة العقل الفعال فيه وقف تركيب الخير والجود واتصل اوله آخر درجات الوجود" ; [al-ʻArshīyah] "قاعدة في الحقيقة الالهية التي اظهرت الجنة ... ولها مظاهر كلية وجزئية هي طبقات جهنم ... شجرة الزقوم طعام الاثيم طلعها كأنه رؤوس الشياطين"</subfield></datafield><datafield tag="500" ind1=" " ind2=" "><subfield code="a">Incipit: [Risālat al-Mashāʻir] "هذه هي الرسالة المعروفة بالمشاعر للحكيم الكامل ... مولانا صدر الملة والدين محمد الشيرازي نور الله مرقده ... نحمد الله ونستعين بقوته التي اقام بها ملكوت الارض والسماء وبكلمته الغراء التي انشأ بها نشأتي الاولي والاخرة البيضاء على تهذيب القوى الكاملة القابلة للاستكمال ...وبعد فيقول اقل الخلائق قدرا وجرما واكثرهم خطئا وجرما محمد المشتهر بصدر الدين يقول ايها الاخوان السالكون الى الله بنور العرفان ..." ; [al-ʻArshīyah] "الحمد لله الذي جعلنا ممن شرح صدره للاسلام فهو على نور من ربه ... وبعد فيقول العبد الذليل المحتاج الى عفو ربه الجليل المدعو بصدر الدين ... هذه رسالة اذكر فيها طائفة من المسائل الربوبية ..."</subfield></datafield><datafield tag="500" ind1=" " ind2=" "><subfield code="a">Title supplied by cataloguer from inscription on 'title page' (p.1) and heading at opening of second work (p.49).</subfield></datafield><datafield tag="500" ind1=" " ind2=" "><subfield code="a">Ms. codex.</subfield></datafield><datafield tag="505" ind1="0" ind2=" "><subfield code="a">2. p.49-p.100 : Hādhihi hiya al-Risālah al-mawsūmah bi-al-ʻArshīyah / Muḥammad ibn Ibrāhīm Ṣadr al-Dīn Shīrāzī.</subfield></datafield><datafield tag="505" ind1="0" ind2=" "><subfield code="a">1. p.1-p.49 : Risālat al-Mashāʻir / Muḥammad ibn Ibrāhīm Ṣadr al-Dīn Shīrāzī.</subfield></datafield><datafield tag="510" ind1="4" ind2=" "><subfield code="a">MacEoin, D. "Mullā Ṣadrā S̲H̲īrāzīṢadr al-Dīn Muḥammad b. Ibrāhīm Ḳawāmī S̲h̲īrāzī." In EI2,</subfield><subfield code="c">vol. VII, p.547, col. 2</subfield></datafield><datafield tag="510" ind1="4" ind2=" "><subfield code="a">Brockelmann, C. GAL,</subfield><subfield code="c">II 413 ; S II 588 ff.</subfield></datafield><datafield tag="520" ind1="8" ind2=" "><subfield code="a">Careful copy of two works by the renowned Ṣafavid philosopher Mullā Ṣadrā Shīrāzī (d.1641), first Kitāb al-Mashāʻir, on ontology, followed by al-Ḥikmah al-ʻarshīyah, the popular work on knowledge of God and eschatology, apparently incomplete.</subfield></datafield><datafield tag="538" ind1=" " ind2=" "><subfield code="a">Mode of access: Internet.</subfield></datafield><datafield tag="541" ind1=" " ind2=" "><subfield code="a">Acquired in the Fall of 1950.</subfield></datafield><datafield tag="546" ind1=" " ind2=" "><subfield code="a">Arabic.</subfield></datafield><datafield tag="561" ind1=" " ind2=" "><subfield code="a">On upper pastedown label with ex libris of James Heyworth-Dunne (d.1974), stamped with inventory number, "Ex Libris | J. Heyworth-Dunne | D. Lit. (London) | No 7946" ; UM Library inscription on p.3 "Dunning | Heyworth-Dunne | 6-13-51 | 71955" ; possible former inventory mark in pencil on final leaf (p.100) "231 / 53" ; many marginal glosses and notabilia (side-heads).</subfield></datafield><datafield tag="650" ind1=" " ind2="0"><subfield code="a">Manuscripts, Arabic</subfield><subfield code="z">Michigan</subfield><subfield code="z">Ann Arbor.</subfield></datafield><datafield tag="650" ind1=" " ind2="0"><subfield code="a">Sufism</subfield><subfield code="v">Early works to 1800.</subfield></datafield><datafield tag="650" ind1=" " ind2="0"><subfield code="a">Islamic philosophy</subfield><subfield code="v">Early works to 1800.</subfield></datafield><datafield tag="650" ind1=" " ind2="0"><subfield code="a">Metaphysics</subfield><subfield code="v">Early works to 1800.</subfield></datafield><datafield tag="650" ind1=" " ind2="0"><subfield code="a">Ontology</subfield><subfield code="v">Early works to 1800.</subfield></datafield><datafield tag="700" ind1="1" ind2="2"><subfield code="6">880-07</subfield><subfield code="a">Ṣadr al-Dīn Shīrāzī, Muḥammad ibn Ibrāhīm,</subfield><subfield code="d">-1641.</subfield><subfield code="t">Ḥikmah al-ʻarshīyah.</subfield></datafield><datafield tag="700" ind1="1" ind2=" "><subfield code="a">Heyworth-Dunne, J.</subfield><subfield code="q">(James),</subfield><subfield code="e">former owner.</subfield></datafield><datafield tag="740" ind1="0" ind2="2"><subfield code="6">880-08</subfield><subfield code="a">ʻArshīyah</subfield></datafield><datafield tag="773" ind1="0" ind2=" "><subfield code="a">Heyworth-Dunne Collection.</subfield></datafield><datafield tag="880" ind1="0" ind2="2"><subfield code="6">740-08/</subfield><subfield code="a">عرشية</subfield></datafield><datafield tag="880" ind1="1" ind2="2"><subfield code="6">700-07/</subfield><subfield code="a">صدر الدن شيرازى، محمد بن ابراهيم.</subfield><subfield code="t">حكمة العرشية.</subfield></datafield><datafield tag="880" ind1="3" ind2=" "><subfield code="6">246-04/</subfield><subfield code="a">Hādhihi hiya al-Risālah al-mawsūmah bi-al-ʻArshīyah</subfield></datafield><datafield tag="880" ind1="1" ind2="0"><subfield code="6">245-03/</subfield><subfield code="a">[رسالة المشاعر مع العرشية,</subfield><subfield code="f">1356ه، 1937م].</subfield></datafield><datafield tag="880" ind1="1" ind2=" "><subfield code="6">100-01/</subfield><subfield code="a">صدر الدن شيرازى، محمد بن ابراهيم.</subfield></datafield><datafield tag="CID" ind1=" " ind2=" "><subfield code="a">006819007</subfield></datafield><datafield tag="DAT" ind1="0" ind2=" "><subfield code="a">20190719102639.0</subfield><subfield code="b">20190719000000.0</subfield></datafield><datafield tag="DAT" ind1="1" ind2=" "><subfield code="a">20190719090653.0</subfield><subfield code="b">2019-07-19T16:11:03Z</subfield></datafield><datafield tag="DAT" ind1="2" ind2=" "><subfield code="a">2015-10-02T18:00:03Z</subfield></datafield><datafield tag="CAT" ind1=" " ind2=" "><subfield code="a">SDR-MIU</subfield><subfield code="d">EX LIBRIS - ALEPH</subfield><subfield code="l">prepare.pl-004-008</subfield></datafield><datafield tag="FMT" ind1=" " ind2=" "><subfield code="a">BK</subfield></datafield><datafield tag="HOL" ind1=" " ind2=" "><subfield code="0">sdr-miu006819007</subfield><subfield code="a">MiU</subfield><subfield code="b">SDR</subfield><subfield code="c">MIU</subfield><subfield code="p">mdp.39015079130202</subfield><subfield code="s">MIU</subfield><subfield code="1">006819007</subfield></datafield><datafield tag="974" ind1=" " ind2=" "><subfield code="b">MIU</subfield><subfield code="c">MIU</subfield><subfield code="d">20190719</subfield><subfield code="s">lit-dlps-dc</subfield><subfield code="u">mdp.39015079130202</subfield><subfield code="y">1937</subfield><subfield code="r">ic-world</subfield><subfield code="q">man</subfield></datafield></record></collection>